@Book{nieves2011metodos,
title = {Métodos Numéricos Aplicados a la Ingeniería},
publisher = {Editorial Patria},
year = {2011},
author = {Nieves Hurtado and F. C. Domínguez Sánchez},
edition = {4},
country = {México}
}
@Book{spiegel,
title = {Estadística},
publisher = {McGRAW-HILL INTEROAMERICANA},
year = {2009},
author = {Murray R. Spiegel and  Larry J. Stephens },
edition = {4},
country = {México}
}

@Misc{ualberta,
	author = {Engineering at Alberta},
    title = {Curve Fitting: Linearization of Nonlinear Relationships},
    year = {2020},
    howpublished = {\url{https://engcourses-uofa.ca/books/numericalanalysis/curve-fitting/linearization-of-nonlinear-relationships/}},
    note = {[En línea; accesado el 17-Marzo-2025]}
}

@Article{binomiosScribd,
author = {Juan Manual García Cabrejos},
title = {Aproximación Binomial con Mínimos Cuadrados},
journal = {Scribd},
year={2021},
howpublished = {\url{https://es.scribd.com/document/391553331/Aproximacion-polinomial-con-minimos-cuadrados}},
}

